0                 01WBC       TMHN GROUP PTY LTD        000000Payroll08Jun080625                                        
1067-000 11122123 530000040019GiaHanThai                      TMHNGROUPPT 08Jun 032-361   686980TMHN GROUP PTY L00000000
1633-123212390538 530000047801NgocDuyAnh                      TMHNGROUPPT 08Jun 032-361   686980TMHN GROUP PTY L00000000
1062-692 79579532 530000058325ThiQuynhMyNguyen                TMHNGROUPPT 08Jun 032-361   686980TMHN GROUP PTY L00000000
7999-999            000014614500001461450000000000                        000003                                        